<collection xmlns="http://www.loc.gov/MARC21/slim">
<record>
  <leader>01427nam0a22002891i 450 </leader>
  <controlfield tag="001">IT\ICCU\CNCE\025358</controlfield>
  <controlfield tag="005">20100913000000.0</controlfield>
  <datafield tag="012" ind1=" " ind2=" ">
    <subfield code="a">o.no o.o; o.le RiAl (3) 1590 (R)</subfield>
    <subfield code="2">fei</subfield>
  </datafield>
  <datafield tag="100" ind1=" " ind2=" ">
    <subfield code="a">19970926d1590        0itac0103    ba</subfield>
  </datafield>
  <datafield tag="101" ind1=" " ind2=" ">
    <subfield code="a">ITA</subfield>
  </datafield>
  <datafield tag="102" ind1=" " ind2=" ">
    <subfield code="a">IT</subfield>
  </datafield>
  <datafield tag="200" ind1="1" ind2=" ">
    <subfield code="a">Sonetti in lode di molti illustri spirti, del Pellegrino Academico Cospirante il reuer. p.m. Gioseppe Policretti</subfield>
  </datafield>
  <datafield tag="210" ind1=" " ind2=" ">
    <subfield code="a">In Vicenza</subfield>
    <subfield code="c">appresso Agostino dalla Noce</subfield>
    <subfield code="d">1590</subfield>
  </datafield>
  <datafield tag="215" ind1=" " ind2=" ">
    <subfield code="a">19, \1! p.</subfield>
    <subfield code="d">4ʻ</subfield>
  </datafield>
  <datafield tag="620" ind1=" " ind2=" ">
    <subfield code="a">IT</subfield>
    <subfield code="d">Vicenza</subfield>
  </datafield>
  <datafield tag="700" ind1=" " ind2="1">
    <subfield code="a">Policreti,</subfield>
    <subfield code="b">Giuseppe</subfield>
    <subfield code="3">IT\ICCU\CNCA\011880</subfield>
  </datafield>
  <datafield tag="712" ind1="0" ind2="0">
    <subfield code="a">Dalla_Noce, Agostino</subfield>
    <subfield code="3">IT\ICCU\CNCT\000879</subfield>
    <subfield code="4">650</subfield>
  </datafield>
  <datafield tag="790" ind1=" " ind2="1">
    <subfield code="a">Policreto,</subfield>
    <subfield code="b">Giuseppe</subfield>
    <subfield code="3">IT\ICCU\CNCA\011881</subfield>
    <subfield code="z">Policreti, Giuseppe</subfield>
  </datafield>
  <datafield tag="790" ind1=" " ind2="0">
    <subfield code="a">Pellegrino Accademico Cospirante</subfield>
    <subfield code="3">IT\ICCU\CNCA\014726</subfield>
    <subfield code="z">Policreti, Giuseppe</subfield>
  </datafield>
  <datafield tag="790" ind1=" " ind2="1">
    <subfield code="a">Policretti,</subfield>
    <subfield code="b">Giuseppe</subfield>
    <subfield code="3">IT\ICCU\CNCA\023007</subfield>
    <subfield code="z">Policreti, Giuseppe</subfield>
  </datafield>
  <datafield tag="790" ind1=" " ind2="1">
    <subfield code="a">Policretto,</subfield>
    <subfield code="b">Gioseffo</subfield>
    <subfield code="3">IT\ICCU\CNCA\025984</subfield>
    <subfield code="z">Policreti, Giuseppe</subfield>
  </datafield>
  <datafield tag="791" ind1="0" ind2="0">
    <subfield code="a">Noce, Agostino dalla</subfield>
    <subfield code="3">IT\ICCU\CNCT\003196</subfield>
    <subfield code="z">Dalla_Noce, Agostino</subfield>
  </datafield>
  <datafield tag="791" ind1="0" ind2="0">
    <subfield code="a">Nuce, Augustinus a</subfield>
    <subfield code="3">IT\ICCU\CNCT\003702</subfield>
    <subfield code="z">Dalla_Noce, Agostino</subfield>
  </datafield>
  <datafield tag="801" ind1=" " ind2="3">
    <subfield code="a">IT</subfield>
    <subfield code="b">ICCU</subfield>
    <subfield code="c">20201114</subfield>
  </datafield>
  <datafield tag="899" ind1=" " ind2=" ">
    <subfield code="a">Biblioteca nazionale Marciana. Venezia</subfield>
    <subfield code="1">VE0049</subfield>
    <subfield code="2">VEA BM</subfield>
  </datafield>
  <datafield tag="899" ind1=" " ind2=" ">
    <subfield code="a">Biblioteca civica Bertoliana. Vicenza</subfield>
    <subfield code="1">VI0096</subfield>
    <subfield code="2">VIA BE</subfield>
  </datafield>
  <datafield tag="921" ind1=" " ind2=" ">
    <subfield code="a">IT\ICCU\CNCM\000256</subfield>
    <subfield code="b">Albero di noci. In cornice figurata</subfield>
    <subfield code="e">Verberibus fecunda.</subfield>
    <subfield code="c">V546</subfield>
    <subfield code="d">Dimensioni: 5,7 x 6</subfield>
    <subfield code="f">ALBERO</subfield>
    <subfield code="f">NOCI</subfield>
    <subfield code="f">VERBERIBUS</subfield>
    <subfield code="g">1589-1599</subfield>
  </datafield>
</record>
</collection>
